@inproceedings{choo2015detecting,
  title={Detecting opinion spammer groups through community discovery and sentiment analysis},
  author={Choo, Euijin and Yu, Ting and Chi, Min},
  booktitle={IFIP annual conference on data and applications security and privacy},
  pages={170--187},
  year={2015},
  organization={Springer}
}

@inproceedings{mukherjee2013spotting,
  title={Spotting opinion spammers using behavioral footprints},
  author={Mukherjee, Arjun and Kumar, Abhinav and Liu, Bing and Wang, Junhui and Hsu, Meichun and Castellanos, Malu and Ghosh, Riddhiman},
  booktitle={Proceedings of the 19th ACM SIGKDD international conference on Knowledge discovery and data mining},
  pages={632--640},
  year={2013}
}